%YAML 1.1
%TAG !u! tag:unity3d.com,2011:
--- !u!29 &1
SceneSettings:
  m_ObjectHideFlags: 0
  m_PVSData: 
  m_PVSObjectsArray: []
  m_PVSPortalsArray: []
  m_OcclusionBakeSettings:
    smallestOccluder: 5
    smallestHole: .25
    backfaceThreshold: 100
--- !u!104 &2
RenderSettings:
  m_ObjectHideFlags: 0
  serializedVersion: 6
  m_Fog: 0
  m_FogColor: {r: .5, g: .5, b: .5, a: 1}
  m_FogMode: 3
  m_FogDensity: .00999999978
  m_LinearFogStart: 0
  m_LinearFogEnd: 300
  m_AmbientSkyColor: {r: .211999997, g: .226999998, b: .259000003, a: 1}
  m_AmbientEquatorColor: {r: .114, g: .125, b: .133000001, a: 1}
  m_AmbientGroundColor: {r: .0469999984, g: .0430000015, b: .0350000001, a: 1}
  m_AmbientIntensity: 1
  m_AmbientMode: 0
  m_SkyboxMaterial: {fileID: 10304, guid: 0000000000000000f000000000000000, type: 0}
  m_HaloStrength: .5
  m_FlareStrength: 1
  m_FlareFadeSpeed: 3
  m_HaloTexture: {fileID: 0}
  m_SpotCookie: {fileID: 10001, guid: 0000000000000000e000000000000000, type: 0}
  m_DefaultReflectionMode: 0
  m_DefaultReflectionResolution: 128
  m_ReflectionBounces: 1
  m_ReflectionIntensity: 1
  m_CustomReflection: {fileID: 0}
  m_Sun: {fileID: 0}
--- !u!157 &4
LightmapSettings:
  m_ObjectHideFlags: 0
  serializedVersion: 5
  m_GIWorkflowMode: 0
  m_LightmapsMode: 1
  m_GISettings:
    serializedVersion: 2
    m_BounceScale: 1
    m_IndirectOutputScale: 1
    m_AlbedoBoost: 1
    m_TemporalCoherenceThreshold: 1
    m_EnvironmentLightingMode: 0
    m_EnableBakedLightmaps: 1
    m_EnableRealtimeLightmaps: 1
  m_LightmapEditorSettings:
    serializedVersion: 3
    m_Resolution: 2
    m_BakeResolution: 40
    m_TextureWidth: 1024
    m_TextureHeight: 1024
    m_AOMaxDistance: 1
    m_Padding: 2
    m_CompAOExponent: 0
    m_LightmapParameters: {fileID: 0}
    m_TextureCompression: 1
    m_FinalGather: 0
    m_FinalGatherRayCount: 1024
    m_ReflectionCompression: 2
  m_LightmapSnapshot: {fileID: 0}
  m_RuntimeCPUUsage: 25
--- !u!196 &5
NavMeshSettings:
  serializedVersion: 2
  m_ObjectHideFlags: 0
  m_BuildSettings:
    serializedVersion: 2
    agentRadius: .5
    agentHeight: 2
    agentSlope: 45
    agentClimb: .400000006
    ledgeDropHeight: 0
    maxJumpAcrossDistance: 0
    accuratePlacement: 0
    minRegionArea: 2
    cellSize: .166666672
    manualCellSize: 0
  m_NavMeshData: {fileID: 0}
--- !u!4 &344742889 stripped
Transform:
  m_PrefabParentObject: {fileID: 400326, guid: 8f0565f23a2b58541a475bd3c1393052, type: 3}
  m_PrefabInternal: {fileID: 1455329144}
--- !u!1 &493707333
GameObject:
  m_ObjectHideFlags: 0
  m_PrefabParentObject: {fileID: 0}
  m_PrefabInternal: {fileID: 0}
  serializedVersion: 4
  m_Component:
  - 224: {fileID: 493707334}
  - 223: {fileID: 493707337}
  - 114: {fileID: 493707336}
  - 114: {fileID: 493707335}
  m_Layer: 5
  m_Name: Canvas
  m_TagString: Untagged
  m_Icon: {fileID: 0}
  m_NavMeshLayer: 0
  m_StaticEditorFlags: 0
  m_IsActive: 1
--- !u!224 &493707334
RectTransform:
  m_ObjectHideFlags: 0
  m_PrefabParentObject: {fileID: 0}
  m_PrefabInternal: {fileID: 0}
  m_GameObject: {fileID: 493707333}
  m_LocalRotation: {x: 0, y: 0, z: 0, w: 1}
  m_LocalPosition: {x: 0, y: 0, z: 0}
  m_LocalScale: {x: 0, y: 0, z: 0}
  m_Children:
  - {fileID: 1562772691}
  m_Father: {fileID: 0}
  m_RootOrder: 2
  m_AnchorMin: {x: 0, y: 0}
  m_AnchorMax: {x: 0, y: 0}
  m_AnchoredPosition: {x: 0, y: 0}
  m_SizeDelta: {x: 0, y: 0}
  m_Pivot: {x: 0, y: 0}
--- !u!114 &493707335
MonoBehaviour:
  m_ObjectHideFlags: 0
  m_PrefabParentObject: {fileID: 0}
  m_PrefabInternal: {fileID: 0}
  m_GameObject: {fileID: 493707333}
  m_Enabled: 1
  m_EditorHideFlags: 0
  m_Script: {fileID: 1301386320, guid: f5f67c52d1564df4a8936ccd202a3bd8, type: 3}
  m_Name: 
  m_EditorClassIdentifier: 
  m_IgnoreReversedGraphics: 1
  m_BlockingObjects: 0
  m_BlockingMask:
    serializedVersion: 2
    m_Bits: 4294967295
--- !u!114 &493707336
MonoBehaviour:
  m_ObjectHideFlags: 0
  m_PrefabParentObject: {fileID: 0}
  m_PrefabInternal: {fileID: 0}
  m_GameObject: {fileID: 493707333}
  m_Enabled: 1
  m_EditorHideFlags: 0
  m_Script: {fileID: 1980459831, guid: f5f67c52d1564df4a8936ccd202a3bd8, type: 3}
  m_Name: 
  m_EditorClassIdentifier: 
  m_UiScaleMode: 0
  m_ReferencePixelsPerUnit: 100
  m_ScaleFactor: 1
  m_ReferenceResolution: {x: 800, y: 600}
  m_ScreenMatchMode: 0
  m_MatchWidthOrHeight: 0
  m_PhysicalUnit: 3
  m_FallbackScreenDPI: 96
  m_DefaultSpriteDPI: 96
  m_DynamicPixelsPerUnit: 1
--- !u!223 &493707337
Canvas:
  m_ObjectHideFlags: 0
  m_PrefabParentObject: {fileID: 0}
  m_PrefabInternal: {fileID: 0}
  m_GameObject: {fileID: 493707333}
  m_Enabled: 1
  serializedVersion: 2
  m_RenderMode: 0
  m_Camera: {fileID: 0}
  m_PlaneDistance: 100
  m_PixelPerfect: 0
  m_ReceivesEvents: 1
  m_OverrideSorting: 0
  m_OverridePixelPerfect: 0
  m_SortingLayerID: 0
  m_SortingOrder: 0
--- !u!1001 &669207584
Prefab:
  m_ObjectHideFlags: 0
  serializedVersion: 2
  m_Modification:
    m_TransformParent: {fileID: 0}
    m_Modifications:
    - target: {fileID: 485270, guid: 349342364a8b843d7b9487829eba61da, type: 2}
      propertyPath: m_LocalPosition.x
      value: 0
      objectReference: {fileID: 0}
    - target: {fileID: 485270, guid: 349342364a8b843d7b9487829eba61da, type: 2}
      propertyPath: m_LocalPosition.y
      value: 0
      objectReference: {fileID: 0}
    - target: {fileID: 485270, guid: 349342364a8b843d7b9487829eba61da, type: 2}
      propertyPath: m_LocalPosition.z
      value: 0
      objectReference: {fileID: 0}
    - target: {fileID: 485270, guid: 349342364a8b843d7b9487829eba61da, type: 2}
      propertyPath: m_LocalRotation.x
      value: 0
      objectReference: {fileID: 0}
    - target: {fileID: 485270, guid: 349342364a8b843d7b9487829eba61da, type: 2}
      propertyPath: m_LocalRotation.y
      value: 0
      objectReference: {fileID: 0}
    - target: {fileID: 485270, guid: 349342364a8b843d7b9487829eba61da, type: 2}
      propertyPath: m_LocalRotation.z
      value: 0
      objectReference: {fileID: 0}
    - target: {fileID: 485270, guid: 349342364a8b843d7b9487829eba61da, type: 2}
      propertyPath: m_LocalRotation.w
      value: 1
      objectReference: {fileID: 0}
    - target: {fileID: 485270, guid: 349342364a8b843d7b9487829eba61da, type: 2}
      propertyPath: m_RootOrder
      value: 5
      objectReference: {fileID: 0}
    m_RemovedComponents: []
  m_ParentPrefab: {fileID: 100100000, guid: 349342364a8b843d7b9487829eba61da, type: 2}
  m_IsPrefabParent: 0
--- !u!1 &743086368
GameObject:
  m_ObjectHideFlags: 0
  m_PrefabParentObject: {fileID: 0}
  m_PrefabInternal: {fileID: 0}
  serializedVersion: 4
  m_Component:
  - 4: {fileID: 743086370}
  - 114: {fileID: 743086369}
  m_Layer: 0
  m_Name: SceneChanger
  m_TagString: Untagged
  m_Icon: {fileID: 0}
  m_NavMeshLayer: 0
  m_StaticEditorFlags: 0
  m_IsActive: 1
--- !u!114 &743086369
MonoBehaviour:
  m_ObjectHideFlags: 0
  m_PrefabParentObject: {fileID: 0}
  m_PrefabInternal: {fileID: 0}
  m_GameObject: {fileID: 743086368}
  m_Enabled: 1
  m_EditorHideFlags: 0
  m_Script: {fileID: 11500000, guid: ac6a1633a9c5c48e399f204bda130013, type: 3}
  m_Name: 
  m_EditorClassIdentifier: 
  nextSceneName: Title
--- !u!4 &743086370
Transform:
  m_ObjectHideFlags: 0
  m_PrefabParentObject: {fileID: 0}
  m_PrefabInternal: {fileID: 0}
  m_GameObject: {fileID: 743086368}
  m_LocalRotation: {x: 0, y: 0, z: 0, w: 1}
  m_LocalPosition: {x: -.000566482544, y: .815485001, z: .111079365}
  m_LocalScale: {x: 1, y: 1, z: 1}
  m_Children: []
  m_Father: {fileID: 0}
  m_RootOrder: 4
--- !u!1001 &1455329144
Prefab:
  m_ObjectHideFlags: 0
  serializedVersion: 2
  m_Modification:
    m_TransformParent: {fileID: 1577861887}
    m_Modifications:
    - target: {fileID: 400326, guid: 8f0565f23a2b58541a475bd3c1393052, type: 3}
      propertyPath: m_LocalPosition.x
      value: 0
      objectReference: {fileID: 0}
    - target: {fileID: 400326, guid: 8f0565f23a2b58541a475bd3c1393052, type: 3}
      propertyPath: m_LocalPosition.y
      value: 0
      objectReference: {fileID: 0}
    - target: {fileID: 400326, guid: 8f0565f23a2b58541a475bd3c1393052, type: 3}
      propertyPath: m_LocalPosition.z
      value: 0
      objectReference: {fileID: 0}
    - target: {fileID: 400326, guid: 8f0565f23a2b58541a475bd3c1393052, type: 3}
      propertyPath: m_LocalRotation.x
      value: 0
      objectReference: {fileID: 0}
    - target: {fileID: 400326, guid: 8f0565f23a2b58541a475bd3c1393052, type: 3}
      propertyPath: m_LocalRotation.y
      value: 1
      objectReference: {fileID: 0}
    - target: {fileID: 400326, guid: 8f0565f23a2b58541a475bd3c1393052, type: 3}
      propertyPath: m_LocalRotation.z
      value: 0
      objectReference: {fileID: 0}
    - target: {fileID: 400326, guid: 8f0565f23a2b58541a475bd3c1393052, type: 3}
      propertyPath: m_LocalRotation.w
      value: -1.62920685e-07
      objectReference: {fileID: 0}
    - target: {fileID: 400326, guid: 8f0565f23a2b58541a475bd3c1393052, type: 3}
      propertyPath: m_RootOrder
      value: 0
      objectReference: {fileID: 0}
    - target: {fileID: 13700000, guid: 8f0565f23a2b58541a475bd3c1393052, type: 3}
      propertyPath: m_AABB.m_Center.y
      value: 1.38029599
      objectReference: {fileID: 0}
    - target: {fileID: 13700000, guid: 8f0565f23a2b58541a475bd3c1393052, type: 3}
      propertyPath: m_AABB.m_Center.z
      value: .0754300058
      objectReference: {fileID: 0}
    - target: {fileID: 13700000, guid: 8f0565f23a2b58541a475bd3c1393052, type: 3}
      propertyPath: m_AABB.m_Extent.x
      value: .0510200001
      objectReference: {fileID: 0}
    - target: {fileID: 13700000, guid: 8f0565f23a2b58541a475bd3c1393052, type: 3}
      propertyPath: m_AABB.m_Extent.y
      value: .0127292275
      objectReference: {fileID: 0}
    - target: {fileID: 13700000, guid: 8f0565f23a2b58541a475bd3c1393052, type: 3}
      propertyPath: m_AABB.m_Extent.z
      value: .00634999201
      objectReference: {fileID: 0}
    - target: {fileID: 13700000, guid: 8f0565f23a2b58541a475bd3c1393052, type: 3}
      propertyPath: m_DirtyAABB
      value: 0
      objectReference: {fileID: 0}
    - target: {fileID: 13700008, guid: 8f0565f23a2b58541a475bd3c1393052, type: 3}
      propertyPath: m_AABB.m_Center.y
      value: 1.3556354
      objectReference: {fileID: 0}
    - target: {fileID: 13700008, guid: 8f0565f23a2b58541a475bd3c1393052, type: 3}
      propertyPath: m_AABB.m_Center.z
      value: .0608415008
      objectReference: {fileID: 0}
    - target: {fileID: 13700008, guid: 8f0565f23a2b58541a475bd3c1393052, type: 3}
      propertyPath: m_AABB.m_Extent.x
      value: .0768110007
      objectReference: {fileID: 0}
    - target: {fileID: 13700008, guid: 8f0565f23a2b58541a475bd3c1393052, type: 3}
      propertyPath: m_AABB.m_Extent.y
      value: .0415344834
      objectReference: {fileID: 0}
    - target: {fileID: 13700008, guid: 8f0565f23a2b58541a475bd3c1393052, type: 3}
      propertyPath: m_AABB.m_Extent.z
      value: .0209595039
      objectReference: {fileID: 0}
    - target: {fileID: 13700008, guid: 8f0565f23a2b58541a475bd3c1393052, type: 3}
      propertyPath: m_DirtyAABB
      value: 0
      objectReference: {fileID: 0}
    - target: {fileID: 13700020, guid: 8f0565f23a2b58541a475bd3c1393052, type: 3}
      propertyPath: m_AABB.m_Center.y
      value: 1.36627448
      objectReference: {fileID: 0}
    - target: {fileID: 13700020, guid: 8f0565f23a2b58541a475bd3c1393052, type: 3}
      propertyPath: m_AABB.m_Center.z
      value: .0315424986
      objectReference: {fileID: 0}
    - target: {fileID: 13700020, guid: 8f0565f23a2b58541a475bd3c1393052, type: 3}
      propertyPath: m_AABB.m_Extent.x
      value: .0784690008
      objectReference: {fileID: 0}
    - target: {fileID: 13700020, guid: 8f0565f23a2b58541a475bd3c1393052, type: 3}
      propertyPath: m_AABB.m_Extent.y
      value: .106027484
      objectReference: {fileID: 0}
    - target: {fileID: 13700020, guid: 8f0565f23a2b58541a475bd3c1393052, type: 3}
      propertyPath: m_AABB.m_Extent.z
      value: .0553374998
      objectReference: {fileID: 0}
    - target: {fileID: 13700020, guid: 8f0565f23a2b58541a475bd3c1393052, type: 3}
      propertyPath: m_DirtyAABB
      value: 0
      objectReference: {fileID: 0}
    - target: {fileID: 13700006, guid: 8f0565f23a2b58541a475bd3c1393052, type: 3}
      propertyPath: m_AABB.m_Center.y
      value: 1.34957147
      objectReference: {fileID: 0}
    - target: {fileID: 13700006, guid: 8f0565f23a2b58541a475bd3c1393052, type: 3}
      propertyPath: m_AABB.m_Center.z
      value: .0627700016
      objectReference: {fileID: 0}
    - target: {fileID: 13700006, guid: 8f0565f23a2b58541a475bd3c1393052, type: 3}
      propertyPath: m_AABB.m_Extent.x
      value: .0715049952
      objectReference: {fileID: 0}
    - target: {fileID: 13700006, guid: 8f0565f23a2b58541a475bd3c1393052, type: 3}
      propertyPath: m_AABB.m_Extent.y
      value: .0236654878
      objectReference: {fileID: 0}
    - target: {fileID: 13700006, guid: 8f0565f23a2b58541a475bd3c1393052, type: 3}
      propertyPath: m_AABB.m_Extent.z
      value: .0114600006
      objectReference: {fileID: 0}
    - target: {fileID: 13700006, guid: 8f0565f23a2b58541a475bd3c1393052, type: 3}
      propertyPath: m_DirtyAABB
      value: 0
      objectReference: {fileID: 0}
    - target: {fileID: 400224, guid: 8f0565f23a2b58541a475bd3c1393052, type: 3}
      propertyPath: m_LocalRotation.x
      value: -.0937465429
      objectReference: {fileID: 0}
    - target: {fileID: 400224, guid: 8f0565f23a2b58541a475bd3c1393052, type: 3}
      propertyPath: m_LocalRotation.y
      value: .697855175
      objectReference: {fileID: 0}
    - target: {fileID: 400224, guid: 8f0565f23a2b58541a475bd3c1393052, type: 3}
      propertyPath: m_LocalRotation.z
      value: .707469046
      objectReference: {fileID: 0}
    - target: {fileID: 400224, guid: 8f0565f23a2b58541a475bd3c1393052, type: 3}
      propertyPath: m_LocalRotation.w
      value: .0608067624
      objectReference: {fileID: 0}
    - target: {fileID: 400260, guid: 8f0565f23a2b58541a475bd3c1393052, type: 3}
      propertyPath: m_LocalRotation.x
      value: .224375039
      objectReference: {fileID: 0}
    - target: {fileID: 400260, guid: 8f0565f23a2b58541a475bd3c1393052, type: 3}
      propertyPath: m_LocalRotation.y
      value: .670563996
      objectReference: {fileID: 0}
    - target: {fileID: 400260, guid: 8f0565f23a2b58541a475bd3c1393052, type: 3}
      propertyPath: m_LocalRotation.z
      value: -.506723344
      objectReference: {fileID: 0}
    - target: {fileID: 400260, guid: 8f0565f23a2b58541a475bd3c1393052, type: 3}
      propertyPath: m_LocalRotation.w
      value: -.493184894
      objectReference: {fileID: 0}
    - target: {fileID: 9500000, guid: 8f0565f23a2b58541a475bd3c1393052, type: 3}
      propertyPath: m_Controller
      value: 
      objectReference: {fileID: 9100000, guid: 3bcc6b30026614fdc9de30a6f24b5255, type: 2}
    m_RemovedComponents: []
  m_ParentPrefab: {fileID: 100100000, guid: 8f0565f23a2b58541a475bd3c1393052, type: 3}
  m_IsPrefabParent: 0
--- !u!1 &1484644356
GameObject:
  m_ObjectHideFlags: 0
  m_PrefabParentObject: {fileID: 0}
  m_PrefabInternal: {fileID: 0}
  serializedVersion: 4
  m_Component:
  - 4: {fileID: 1484644360}
  - 114: {fileID: 1484644359}
  - 114: {fileID: 1484644358}
  - 114: {fileID: 1484644357}
  m_Layer: 0
  m_Name: EventSystem
  m_TagString: Untagged
  m_Icon: {fileID: 0}
  m_NavMeshLayer: 0
  m_StaticEditorFlags: 0
  m_IsActive: 1
--- !u!114 &1484644357
MonoBehaviour:
  m_ObjectHideFlags: 0
  m_PrefabParentObject: {fileID: 0}
  m_PrefabInternal: {fileID: 0}
  m_GameObject: {fileID: 1484644356}
  m_Enabled: 1
  m_EditorHideFlags: 0
  m_Script: {fileID: 1997211142, guid: f5f67c52d1564df4a8936ccd202a3bd8, type: 3}
  m_Name: 
  m_EditorClassIdentifier: 
  m_ForceModuleActive: 0
--- !u!114 &1484644358
MonoBehaviour:
  m_ObjectHideFlags: 0
  m_PrefabParentObject: {fileID: 0}
  m_PrefabInternal: {fileID: 0}
  m_GameObject: {fileID: 1484644356}
  m_Enabled: 1
  m_EditorHideFlags: 0
  m_Script: {fileID: 1077351063, guid: f5f67c52d1564df4a8936ccd202a3bd8, type: 3}
  m_Name: 
  m_EditorClassIdentifier: 
  m_HorizontalAxis: Horizontal
  m_VerticalAxis: Vertical
  m_SubmitButton: Submit
  m_CancelButton: Cancel
  m_InputActionsPerSecond: 10
  m_RepeatDelay: .5
  m_ForceModuleActive: 0
--- !u!114 &1484644359
MonoBehaviour:
  m_ObjectHideFlags: 0
  m_PrefabParentObject: {fileID: 0}
  m_PrefabInternal: {fileID: 0}
  m_GameObject: {fileID: 1484644356}
  m_Enabled: 1
  m_EditorHideFlags: 0
  m_Script: {fileID: -619905303, guid: f5f67c52d1564df4a8936ccd202a3bd8, type: 3}
  m_Name: 
  m_EditorClassIdentifier: 
  m_FirstSelected: {fileID: 0}
  m_sendNavigationEvents: 1
  m_DragThreshold: 5
--- !u!4 &1484644360
Transform:
  m_ObjectHideFlags: 0
  m_PrefabParentObject: {fileID: 0}
  m_PrefabInternal: {fileID: 0}
  m_GameObject: {fileID: 1484644356}
  m_LocalRotation: {x: 0, y: 0, z: 0, w: 1}
  m_LocalPosition: {x: 0, y: 0, z: 0}
  m_LocalScale: {x: 1, y: 1, z: 1}
  m_Children: []
  m_Father: {fileID: 0}
  m_RootOrder: 3
--- !u!1 &1562772688
GameObject:
  m_ObjectHideFlags: 0
  m_PrefabParentObject: {fileID: 0}
  m_PrefabInternal: {fileID: 0}
  serializedVersion: 4
  m_Component:
  - 224: {fileID: 1562772691}
  - 222: {fileID: 1562772690}
  - 114: {fileID: 1562772689}
  m_Layer: 5
  m_Name: Image
  m_TagString: Untagged
  m_Icon: {fileID: 0}
  m_NavMeshLayer: 0
  m_StaticEditorFlags: 0
  m_IsActive: 1
--- !u!114 &1562772689
MonoBehaviour:
  m_ObjectHideFlags: 0
  m_PrefabParentObject: {fileID: 0}
  m_PrefabInternal: {fileID: 0}
  m_GameObject: {fileID: 1562772688}
  m_Enabled: 1
  m_EditorHideFlags: 0
  m_Script: {fileID: -765806418, guid: f5f67c52d1564df4a8936ccd202a3bd8, type: 3}
  m_Name: 
  m_EditorClassIdentifier: 
  m_Material: {fileID: 0}
  m_Color: {r: 1, g: 1, b: 1, a: 1}
  m_RaycastTarget: 1
  m_OnCullStateChanged:
    m_PersistentCalls:
      m_Calls: []
    m_TypeName: UnityEngine.UI.MaskableGraphic+CullStateChangedEvent, UnityEngine.UI,
      Version=1.0.0.0, Culture=neutral, PublicKeyToken=null
  m_Sprite: {fileID: 21300000, guid: d36f1c5894bfb42cbb4c47d4251310d5, type: 3}
  m_Type: 0
  m_PreserveAspect: 0
  m_FillCenter: 1
  m_FillMethod: 4
  m_FillAmount: 1
  m_FillClockwise: 1
  m_FillOrigin: 0
--- !u!222 &1562772690
CanvasRenderer:
  m_ObjectHideFlags: 0
  m_PrefabParentObject: {fileID: 0}
  m_PrefabInternal: {fileID: 0}
  m_GameObject: {fileID: 1562772688}
--- !u!224 &1562772691
RectTransform:
  m_ObjectHideFlags: 0
  m_PrefabParentObject: {fileID: 0}
  m_PrefabInternal: {fileID: 0}
  m_GameObject: {fileID: 1562772688}
  m_LocalRotation: {x: 0, y: 0, z: 0, w: 1}
  m_LocalPosition: {x: 0, y: 0, z: 0}
  m_LocalScale: {x: 1, y: 1, z: 1}
  m_Children: []
  m_Father: {fileID: 493707334}
  m_RootOrder: 0
  m_AnchorMin: {x: 0, y: 0}
  m_AnchorMax: {x: 1, y: 1}
  m_AnchoredPosition: {x: 0, y: 0}
  m_SizeDelta: {x: 0, y: 0}
  m_Pivot: {x: .5, y: .5}
--- !u!1 &1577861886
GameObject:
  m_ObjectHideFlags: 0
  m_PrefabParentObject: {fileID: 0}
  m_PrefabInternal: {fileID: 0}
  serializedVersion: 4
  m_Component:
  - 4: {fileID: 1577861887}
  m_Layer: 0
  m_Name: Player
  m_TagString: Untagged
  m_Icon: {fileID: 0}
  m_NavMeshLayer: 0
  m_StaticEditorFlags: 0
  m_IsActive: 1
--- !u!4 &1577861887
Transform:
  m_ObjectHideFlags: 0
  m_PrefabParentObject: {fileID: 0}
  m_PrefabInternal: {fileID: 0}
  m_GameObject: {fileID: 1577861886}
  m_LocalRotation: {x: 0, y: .258819073, z: 0, w: .965925813}
  m_LocalPosition: {x: 1, y: 0, z: -3.5}
  m_LocalScale: {x: 1, y: 1, z: 1}
  m_Children:
  - {fileID: 344742889}
  m_Father: {fileID: 0}
  m_RootOrder: 6
--- !u!1 &1663598453
GameObject:
  m_ObjectHideFlags: 0
  m_PrefabParentObject: {fileID: 0}
  m_PrefabInternal: {fileID: 0}
  serializedVersion: 4
  m_Component:
  - 4: {fileID: 1663598458}
  - 20: {fileID: 1663598457}
  - 92: {fileID: 1663598456}
  - 124: {fileID: 1663598455}
  - 81: {fileID: 1663598454}
  m_Layer: 0
  m_Name: Main Camera
  m_TagString: MainCamera
  m_Icon: {fileID: 0}
  m_NavMeshLayer: 0
  m_StaticEditorFlags: 0
  m_IsActive: 1
--- !u!81 &1663598454
AudioListener:
  m_ObjectHideFlags: 0
  m_PrefabParentObject: {fileID: 0}
  m_PrefabInternal: {fileID: 0}
  m_GameObject: {fileID: 1663598453}
  m_Enabled: 1
--- !u!124 &1663598455
Behaviour:
  m_ObjectHideFlags: 0
  m_PrefabParentObject: {fileID: 0}
  m_PrefabInternal: {fileID: 0}
  m_GameObject: {fileID: 1663598453}
  m_Enabled: 1
--- !u!92 &1663598456
Behaviour:
  m_ObjectHideFlags: 0
  m_PrefabParentObject: {fileID: 0}
  m_PrefabInternal: {fileID: 0}
  m_GameObject: {fileID: 1663598453}
  m_Enabled: 1
--- !u!20 &1663598457
Camera:
  m_ObjectHideFlags: 0
  m_PrefabParentObject: {fileID: 0}
  m_PrefabInternal: {fileID: 0}
  m_GameObject: {fileID: 1663598453}
  m_Enabled: 1
  serializedVersion: 2
  m_ClearFlags: 1
  m_BackGroundColor: {r: .192156866, g: .301960796, b: .474509805, a: .0196078438}
  m_NormalizedViewPortRect:
    serializedVersion: 2
    x: 0
    y: 0
    width: 1
    height: 1
  near clip plane: .300000012
  far clip plane: 1000
  field of view: 60
  orthographic: 0
  orthographic size: 5
  m_Depth: -1
  m_CullingMask:
    serializedVersion: 2
    m_Bits: 4294967295
  m_RenderingPath: -1
  m_TargetTexture: {fileID: 0}
  m_TargetDisplay: 0
  m_TargetEye: 3
  m_HDR: 0
  m_OcclusionCulling: 1
  m_StereoConvergence: 10
  m_StereoSeparation: .0219999999
  m_StereoMirrorMode: 0
--- !u!4 &1663598458
Transform:
  m_ObjectHideFlags: 0
  m_PrefabParentObject: {fileID: 0}
  m_PrefabInternal: {fileID: 0}
  m_GameObject: {fileID: 1663598453}
  m_LocalRotation: {x: 0, y: 0, z: 0, w: 1}
  m_LocalPosition: {x: 0, y: 1, z: -5}
  m_LocalScale: {x: 1, y: 1, z: 1}
  m_Children: []
  m_Father: {fileID: 0}
  m_RootOrder: 0
--- !u!1 &1736215379
GameObject:
  m_ObjectHideFlags: 0
  m_PrefabParentObject: {fileID: 0}
  m_PrefabInternal: {fileID: 0}
  serializedVersion: 4
  m_Component:
  - 4: {fileID: 1736215381}
  - 108: {fileID: 1736215380}
  m_Layer: 0
  m_Name: Directional Light
  m_TagString: Untagged
  m_Icon: {fileID: 0}
  m_NavMeshLayer: 0
  m_StaticEditorFlags: 0
  m_IsActive: 1
--- !u!108 &1736215380
Light:
  m_ObjectHideFlags: 0
  m_PrefabParentObject: {fileID: 0}
  m_PrefabInternal: {fileID: 0}
  m_GameObject: {fileID: 1736215379}
  m_Enabled: 1
  serializedVersion: 6
  m_Type: 1
  m_Color: {r: 1, g: .956862748, b: .839215696, a: 1}
  m_Intensity: 1
  m_Range: 10
  m_SpotAngle: 30
  m_CookieSize: 10
  m_Shadows:
    m_Type: 2
    m_Resolution: -1
    m_Strength: 1
    m_Bias: .0500000007
    m_NormalBias: .400000006
  m_Cookie: {fileID: 0}
  m_DrawHalo: 0
  m_Flare: {fileID: 0}
  m_RenderMode: 0
  m_CullingMask:
    serializedVersion: 2
    m_Bits: 4294967295
  m_Lightmapping: 4
  m_BounceIntensity: 1
  m_ShadowRadius: 0
  m_ShadowAngle: 0
  m_AreaSize: {x: 1, y: 1}
--- !u!4 &1736215381
Transform:
  m_ObjectHideFlags: 0
  m_PrefabParentObject: {fileID: 0}
  m_PrefabInternal: {fileID: 0}
  m_GameObject: {fileID: 1736215379}
  m_LocalRotation: {x: .408217937, y: -.234569728, z: .109381676, w: .875426054}
  m_LocalPosition: {x: 0, y: 3, z: 0}
  m_LocalScale: {x: 1, y: 1, z: 1}
  m_Children: []
  m_Father: {fileID: 0}
  m_RootOrder: 1
